<?xml version="1.0" encoding="UTF-8"?><collection xmlns="http://www.loc.gov/MARC21/slim"><record><leader>00521nam--2200121-i-4500</leader><controlfield tag="001">000011597</controlfield><controlfield tag="002">20161230</controlfield><controlfield tag="005">20161230201029</controlfield><controlfield tag="008">060222s1000------------r-----000-0-eng-d</controlfield><datafield ind1=" " ind2=" " tag="080"><subfield code="a">620.179.L (061.3)</subfield></datafield><datafield ind1=" " ind2=" " tag="245"><subfield code="a">Comunicarile primei conferinte de control nedi structiv cu tema  contributia metodelor de co ntrol la cresterea calitatii, a sigurantei in exploatarea si a conbativitatii produselor</subfield></datafield><datafield ind1=" " ind2=" " tag="260"><subfield code="a">Bucuresti, Consiliul National Al Inginerilor Si Tehnicienilor Comisia De Control Nedistruc Tiv, 235 P</subfield></datafield><datafield ind1=" " ind2=" " tag="852"><subfield code="a">42824</subfield></datafield></record></collection>